% Encoding: UTF8
@ONLINE {mariaclarafonseca:2028,
    author    = "Niquelle Leite Torres and Tathiana Santos Soares and Fábio Henrique Gonçalves Conceição",
    title     = "Dificuldade de Aprendizagem: Além do Muro Escolar",
    month = "mai",
    year      = "2016",
    url = "http://faculdadeamadeus.com.br/graduacao/Web/content/content-anais/encontro-multidisciplinar/attachments/download/DIFICULDADE%20DE%20APRENDIZAGEM%20alem%20do%20Muro%20Escolar.pdf"
}
@article{einstein,
    author = "Albert Einstein",
    title = "{Zur Elektrodynamik bewegter K{\"o}rper}. ({German})
    [{On} the electrodynamics of moving bodies]",
    journal = "Annalen der Physik",
    volume = "322",
    number = "10",
    pages = "891--921",
    year = "1905",
    DOI = "http://dx.doi.org/10.1002/andp.19053221004",
    keywords = "physics"
}